<?xml version="1.0" encoding="UTF-8"?><collection xmlns="http://www.loc.gov/MARC21/slim"><record><leader>00461nam--2200133-i-4500</leader><controlfield tag="001">000018627</controlfield><controlfield tag="002">20161230</controlfield><controlfield tag="005">20161230201032</controlfield><controlfield tag="008">060222s1000------------r-----000-0-eng-d</controlfield><datafield ind1=" " ind2=" " tag="100"><subfield code="a">Engeli, M</subfield></datafield><datafield ind1=" " ind2=" " tag="245"><subfield code="a">Refined iterative methods for computation of the solution and the eigenvalues of self adjoint boundary value problems</subfield></datafield><datafield ind1=" " ind2=" " tag="260"><subfield code="a">Stuttgart, Birkhauser Verlag, 1959. 107 P</subfield></datafield><datafield ind1=" " ind2=" " tag="490"><subfield code="a">Mitteilungen Aus Dem Institut Fur Angewandte Mathematik</subfield></datafield><datafield ind1=" " ind2=" " tag="852"><subfield code="a">12186</subfield></datafield></record></collection>